<?xml version="1.0" encoding="UTF-8"?><record xmlns="http://www.loc.gov/MARC21/slim" xmlns:cinclude="http://apache.org/cocoon/include/1.0" xmlns:zs="http://www.loc.gov/zing/srw/">
  <leader>00418nz  a2200121n  4500</leader>
  <controlfield tag="001">n 2004094224</controlfield>
  <controlfield tag="003">DLC</controlfield>
  <controlfield tag="005">20040315083849.0</controlfield>
  <controlfield tag="008">040315n| acannaabn          |n aaa      </controlfield>
  <datafield tag="010" ind1=" " ind2=" ">
    <subfield code="a">n 2004094224</subfield>
  </datafield>
  <datafield tag="040" ind1=" " ind2=" ">
    <subfield code="a">DLC</subfield>
    <subfield code="b">eng</subfield>
    <subfield code="c">DLC</subfield>
  </datafield>
  <datafield tag="100" ind1="1" ind2=" ">
    <subfield code="a">Wadé, Markus,</subfield>
    <subfield code="d">1969-</subfield>
  </datafield>
  <datafield tag="670" ind1=" " ind2=" ">
    <subfield code="a">Wadé, Markus. Länderrisikoanalyse im Rahmen moderner Kreditrisikomodelle bei Banken, c2003:</subfield>
    <subfield code="b">t.p. (Markus Wadé) p. 4 of cover (b. 1969 in München)</subfield>
  </datafield>
</record>